@ARTICLE{Mohan,
author={Mohan, N.},
title = {Electric Machines and Drives: A First Course},
journal={},
year={2011},
doi = {},
note={cited By 21},
}
@article{CP_accounting,
   author = {Cp -Comboios De Portugal},
   title = {Relatório e Contas 2020 | CP},
}
@web_page{3500,
   title = {Comboio série 3519-3530 e 3569-3580 | CP},
   url = {https://www.cp.pt/institucional/pt/cultura-ferroviaria/frota-material-circulante/material-3519-3530-e-3569-3580},
}
@web_page{2400,
   title = {Comboio série 2401-2414 e 2451-2664 | CP},
   url = {https://www.cp.pt/institucional/pt/cultura-ferroviaria/frota-material-circulante/material-2401-2414-e-2451-2664},
}
@web_page{2300,
   title = {Comboio série 2301-2342 e 2351-2392 | CP},
   url = {https://www.cp.pt/institucional/pt/cultura-ferroviaria/frota-material-circulante/material-2301-2342-e-2351-2392},
}
@web_page{3100-3200,
   title = {Comboio série 3151-3163, 3255, 3261-3263 e 3251-3271 | CP},
   url = {https://www.cp.pt/institucional/pt/cultura-ferroviaria/frota-material-circulante/material-3151-3163-3255-3261-3263-e-3251-3271},
}
@web_page{AlfaPic,
   title = {Comboio série 4001-4010 e 4051-4060 | CP},
   url = {https://www.cp.pt/institucional/pt/cultura-ferroviaria/frota-material-circulante/material-4001-4010-e-4051-4060},
}
@misc{ferrovia4,
    title={Home},
    url={http://ferrovia40.pt/},
    journal={Ferrovia 4.0}, 
    year={2021},
    month={Jul}
}
@web_page{3400,
   title = {Comboio série 3401-3434 e 3451-3484 | CP},
   url = {https://www.cp.pt/institucional/pt/cultura-ferroviaria/frota-material-circulante/material-3401-3434-e-3451-3484},
}

@ARTICLE{PowerSOTA_Aux,
author={Feng, J. and Shang, J. and Huang, Z. and Zhang, Z. and Zhang, D.},
title={Review of power electronic transformer in railway traction applications},
journal={Lecture Notes in Electrical Engineering},
year={2016},
volume={377},
pages={567-583},
doi={10.1007/978-3-662-49367-0_57},
note={cited By 1},
url={https://www.scopus.com/inward/record.uri?eid=2-s2.0-84961156736&doi=10.1007%2f978-3-662-49367-0_57&partnerID=40&md5=403d57d821d86cf502dfcaab02c3f264},
document_type={Conference Paper},
source={Scopus},
}

@INPROCEEDINGS{PowerSOTA_new,
  author={Mermet-Guyennet, Michel},
  booktitle={SPEEDAM 2010}, 
  title={New power technologies for traction drives}, 
  year={2010},
  volume={},
  number={},
  pages={719-723},
  doi={10.1109/SPEEDAM.2010.5542097}}

@INPROCEEDINGS{SyncRelMagLev,
  author={Ruifang Zhang and Ferreira, Fernando J. T. E. and Ge, Baoming and de Almeida, AnÃ­bal T. and Amaro, Pedro},
  booktitle={IECON 2011 - 37th Annual Conference of the IEEE Industrial Electronics Society}, 
  title={Transverse-flux linear switched reluctance motor for semi-magnetic suspending rail vehicle}, 
  year={2011},
  volume={},
  number={},
  pages={2066-2071},
  doi={10.1109/IECON.2011.6119626}}

@INPROCEEDINGS{SiC,
  author={Rujas, Alejandro and LÃ³pez, VÃ­ctor M. and GarcÃ­a-Bediaga, Asier and Berasategi, AloÃ±a and Nieva, Txomin},
  booktitle={2017 IEEE Energy Conversion Congress and Exposition (ECCE)}, 
  title={Influence of SiC technology in a railway traction DC-DC converter design evolution}, 
  year={2017},
  volume={},
  number={},
  pages={931-938},
  doi={10.1109/ECCE.2017.8095885}}

@INPROCEEDINGS{PMSM:Rail,
  author={Yu, D. and Huang, X.Y. and Fang, Y.T. and Zhang, J},
  booktitle={2017 IEEE Workshop on Electrical Machines Design, Control and Diagnosis (WEMDCD)}, 
  title={Design and comparison of interior permanent magnet synchronous traction motors for high speed railway applications}, 
  year={2017},
  volume={},
  number={},
  pages={58-62},
  doi={10.1109/WEMDCD.2017.7947724}}

@ARTICLE{SOTA:EU,
  author={Steimel, A.},
  journal={IEEE Industry Applications Magazine}, 
  title={Electric railway traction in Europe}, 
  year={1996},
  volume={2},
  number={6},
  pages={6-17},
  doi={10.1109/2943.541241}}

@ARTICLE{SOTA:Disel+Elec,
  author={Hapeman, Martin J. and Long, James and Plette, David L.},
  journal={IEEE Transactions on Industry Applications}, 
  title={Diesel Electric Locomotive Propulsion Systems-A Look into the Future}, 
  year={1986},
  volume={IA-22},
  number={3},
  pages={495-501},
  doi={10.1109/TIA.1986.4504749}}

Scopus
EXPORT DATE: 5 December 2021

@ARTICLE{PMSM-SOTA,
author={Guan, Q.},
title={Analysis and solution of rail traction PMSM in machinery},
journal={Lecture Notes in Electrical Engineering},
year={2016},
volume={377},
pages={339-347},
doi={10.1007/978-3-662-49367-0_35},
note={cited By 0},
url={https://www.scopus.com/inward/record.uri?eid=2-s2.0-84961125519&doi=10.1007%2f978-3-662-49367-0_35&partnerID=40&md5=32eefd31700a7becf848d4cf5c0a294c},
document_type={Conference Paper},
source={Scopus},
}

@InProceedings{Articles-SOTA,
author="Guan, Qiujia",
editor="Jia, Limin
and Liu, Zhigang
and Qin, Yong
and Ding, Rongjun
and Diao, Lijun",
title="Analysis and Solution of Rail Traction PMSM in Machinery",
booktitle="Proceedings of the 2015 International Conference on Electrical and Information Technologies for Rail Transportation",
year="2016",
publisher="Springer Berlin Heidelberg",
address="Berlin, Heidelberg",
pages="339--347",
abstract="With the speed and load increasing, the vibration noise problems of rail traction high-power density permanent magnet synchronous motor (PMSM) became more serious. The vibration characteristics of permanent magnet motor were introduced in this paper, and the 3D analysis model was established using the finite element method. All the parts of rail traction PMSM considering the whole vibration analysis were studied under different working conditions. The simulation analysis and experiment data are compared, which verified the correctness of the simulation analysis. Both resonance frequency and energy consumption ability of rail traction PMSM were analyzed under different working conditions, while chassis damage of rail traction motor was analyzed.",
isbn="978-3-662-49367-0",
doi = ""
}


@ARTICLE{Motor-SOTA,
  author={Nategh, Shafigh and Boglietti, Aldo and Liu, Yujing and Barber, Daniel and Brammer, Ron and Lindberg, David and Aglen, Ola},
  journal={IEEE Transactions on Industry Applications}, 
  title={A Review on Different Aspects of Traction Motor Design for Railway Applications}, 
  year={2020},
  volume={56},
  number={3},
  pages={2148-2157},
  doi={10.1109/TIA.2020.2968414}}

@INPROCEEDINGS{Temp_Par_Exp,
  author={Maksoud, Salah A. Abdel and Chestyunina, Tatyana V.},
  booktitle={2018 XIV International Scientific-Technical Conference on Actual Problems of Electronics Instrument Engineering (APEIE)}, 
  title={Simulation and Experimental Increased Temperature Effect on Induction Motor Parameters}, 
  year={2018},
  volume={},
  number={},
  pages={258-263},
  doi={10.1109/APEIE.2018.8545888}}

@ARTICLE{Temp_Par_Inf,
  author={Guedes, Jacqueline Jordan and Castoldi, Marcelo Favoretto and Goedtel, Alessandro},
  journal={IEEE Latin America Transactions}, 
  title={Temperature influence analysis on parameter estimation of induction motors using differential evolution}, 
  year={2016},
  volume={14},
  number={9},
  pages={4097-4105},
  doi={10.1109/TLA.2016.7785939}}

@INPROCEEDINGS{Temp_Par_SOTA,
  author={Krishnan, R. and Bharadwaj, A.S.},
  booktitle={21st Annual IEEE Conference on Power Electronics Specialists}, 
  title={A review of parameter sensitivity and adaptation in indirect vector controlled induction motor drive systems}, 
  year={1990},
  volume={},
  number={},
  pages={560-566},
  doi={10.1109/PESC.1990.131237}}

Scopus
EXPORT DATE: 16 November 2021

@ARTICLE{CompetitionSOTA,
author={Zhang, N. and Deng, X. and Hwang, B.-G. and Zhao, X.},
title={Identifying Driving Variables and Paths of Competitive Advantage for International High-Speed Rail Rolling Stock Contractors},
journal={Journal of Infrastructure Systems},
year={2021},
volume={27},
number={4},
doi={10.1061/(ASCE)IS.1943-555X.0000644},
art_number={04021032},
note={cited By 0},
url={https://www.scopus.com/inward/record.uri?eid=2-s2.0-85112636483&doi=10.1061%2f%28ASCE%29IS.1943-555X.0000644&partnerID=40&md5=a2384956e79a3201699ec05f8e34436d},
document_type={Article},
source={Scopus},
}

@INPROCEEDINGS{AntiSlipSOTA,
  author={Kondo, Keiichiro},
  booktitle={2012 IEEE Vehicle Power and Propulsion Conference}, 
  title={Anti-slip control technologies for the railway vehicle traction}, 
  year={2012},
  volume={},
  number={},
  pages={1306-1311},
  doi={10.1109/VPPC.2012.6422493}}

@ARTICLE{MainSOTA,
  author={Ronanki, Deepak and Singh, Siddhartha A. and Williamson, Sheldon S.},
  journal={IEEE Transactions on Transportation Electrification}, 
  title={Comprehensive Topological Overview of Rolling Stock Architectures and Recent Trends in Electric Railway Traction Systems}, 
  year={2017},
  volume={3},
  number={3},
  pages={724-738},
  doi={10.1109/TTE.2017.2703583}}

@INPROCEEDINGS{OldSOTA,
  author={Steimel, A.},
  booktitle={Proceedings of IEEE International Symposium on Industrial Electronics}, 
  title={Electric railway traction in Europe. A survey of the state-of-the-art}, 
  year={1996},
  volume={1},
  number={},
  pages={40-48 vol.1},
  doi={10.1109/ISIE.1996.548390}}

@INPROCEEDINGS{PowerSOTA,
  author={Aeberhard, M. and Courtois, C. and Ladoux, P.},
  booktitle={SPEEDAM 2010}, 
  title={Railway traction power supply from the state of the art to future trends}, 
  year={2010},
  volume={},
  number={},
  pages={1350-1355},
  doi={10.1109/SPEEDAM.2010.5542093}}

Scopus
EXPORT DATE: 10 November 2021

@ARTICLE{Suspension,
author={Tian, S. and Luo, X. and Ren, L. and Xiao, C.},
title={Active radial system of railway vehicles based on secondary suspension rotation angle sensing},
journal={Vehicle System Dynamics},
year={2021},
volume={59},
number={5},
pages={765-784},
doi={10.1080/00423114.2020.1722183},
note={cited By 3},
url={https://www.scopus.com/inward/record.uri?eid=2-s2.0-85079419253&doi=10.1080%2f00423114.2020.1722183&partnerID=40&md5=97ac7f15f3935545bd29d78a2c8db100},
document_type={Article},
source={Scopus},
}

Scopus
EXPORT DATE: 10 November 2021

@ARTICLE{Parameters,
author={Kostal, T. and Kobrle, P.},
title={Induction machine on-line parameter identification for resource-constrained microcontrollers based on steady-state voltage model},
journal={Electronics (Switzerland)},
year={2021},
volume={10},
number={16},
doi={10.3390/electronics10161981},
art_number={1981},
note={cited By 1},
url={https://www.scopus.com/inward/record.uri?eid=2-s2.0-85112504118&doi=10.3390%2felectronics10161981&partnerID=40&md5=930a3fe6c4fb0734f41758b4af83eded},
document_type={Article},
source={Scopus},
}

Scopus
EXPORT DATE: 10 November 2021

@ARTICLE{Independent:Railway ,
author={Cho, Y.},
title={Development and verification of individual motor control technology to improve the driving performance of independently rotating wheel type railway vehicle using hardware-in-the-loop (HIL) Simulator},
journal={Measurement and Control (United Kingdom)},
year={2021},
volume={54},
number={1-2},
pages={11-24},
doi={10.1177/0020294020977568},
note={cited By 0},
url={https://www.scopus.com/inward/record.uri?eid=2-s2.0-85097527391&doi=10.1177%2f0020294020977568&partnerID=40&md5=c83e86ae85f22353a0e0d22993a81ff4},
document_type={Article},
source={Scopus},
}

@INPROCEEDINGS{SmartCtrl,
  author={Kliuiev, Sergii and Medvediev, Ievgen and Soroka, Serhiy and Dubuk, Vasyl},
  booktitle={2020 IEEE 15th International Conference on Computer Sciences and Information Technologies (CSIT)}, 
  title={Development of the intelligent rail vehicle control system}, 
  year={2020},
  volume={1},
  number={},
  pages={1-4},
  doi={10.1109/CSIT49958.2020.9321866}}

Scopus
EXPORT DATE: 8 November 2021

@ARTICLE{Cornering,
author={Meehan, P.A. and Batten, R.D. and Bellette, P.A.},
title={The effect of non-uniform train speed distribution on rail corrugation growth in curves/corners},
journal={Wear},
year={2016},
volume={366-367},
pages={27-37},
doi={10.1016/j.wear.2016.05.009},
note={cited By 16},
url={https://www.scopus.com/inward/record.uri?eid=2-s2.0-84971612345&doi=10.1016%2fj.wear.2016.05.009&partnerID=40&md5=7fefe3578e9b15db3acfda812d6578d5},
document_type={Article},
source={Scopus},
}

@ARTICLE{TorqVect:Cornering,
  author={Dalboni, Matteo and Tavernini, Davide and Montanaro, Umberto and Soldati, Alessandro and Concari, Carlo and Dhaens, Miguel and Sorniotti, Aldo},
  journal={IEEE/ASME Transactions on Mechatronics}, 
  title={Nonlinear Model Predictive Control for Integrated Energy-Efficient Torque-Vectoring and Anti-Roll Moment Distribution}, 
  year={2021},
  volume={26},
  number={3},
  pages={1212-1224},
  doi={10.1109/TMECH.2021.3073476}}

@INPROCEEDINGS{WheelSlip,
  author={Yamashita, Michihiro and Miki, Masaki and Yamanaka, Akihiro and Kitamura, Takuya},
  booktitle={2018 IEEE Vehicle Power and Propulsion Conference (VPPC)}, 
  title={Wheel Slip Suppression Control Method Using Traction Motor Current Information of EMUs Driven by Multiple Traction Motors without Speed Sensors}, 
  year={2018},
  volume={},
  number={},
  pages={1-6},
  doi={10.1109/VPPC.2018.8604976}}

@INPROCEEDINGS{AdaptHighSpeed,
  author={Qi Song and Song, Y. D.},
  booktitle={2010 Chinese Control and Decision Conference}, 
  title={Robust and adaptive control of high speed train systems}, 
  year={2010},
  volume={},
  number={},
  pages={2469-2474},
  doi={10.1109/CCDC.2010.5498786}}

@INPROCEEDINGS{MotorType,
  author={Takahashi, Akeshi and Sugimoto, Shinji and Ito, Makoto and Tamiya, Shuichi and Fujii, Katsuhiko and Endo, Mikio},
  booktitle={2020 23rd International Conference on Electrical Machines and Systems (ICEMS)}, 
  title={High-Efficiency Technology for Railway-Vehicle Traction Motors}, 
  year={2020},
  volume={},
  number={},
  pages={2114-2117},
  doi={10.23919/ICEMS50442.2020.9291012}}

@INPROCEEDINGS{SemiCond,
  author={Tomilov, Vyacheslav S. and Volchek, Tatyana V. and Barinov, Igor A.},
  booktitle={2020 International Conference on Industrial Engineering, Applications and Manufacturing (ICIEAM)}, 
  title={Proposals for Introduction of Modern Power Semiconductor Devices Into Converter-Fed Commutator Motor Locomotives of Russian Railways}, 
  year={2020},
  volume={},
  number={},
  pages={1-5},
  doi={10.1109/ICIEAM48468.2020.9112012}}

@INPROCEEDINGS{Modulation,
  author={Maghfiroh, Hari and Pramono, Subuh and Hermanu, Chico and Nizam, Muhammad},
  booktitle={2018 5th International Conference on Electric Vehicular Technology (ICEVT)}, 
  title={Comparative Study of PWM Method for Optimal Energy Control of Railway Traction Motor}, 
  year={2018},
  volume={},
  number={},
  pages={199-203},
  doi={10.1109/ICEVT.2018.8628419}}

@INPROCEEDINGS{FOC-Estimation,
  author={Nagataki, Masaki and Kondo, Keiichiro and Yamazaki, Osamu and Yuki, Kazuaki and Nakazawa, Yosuke},
  booktitle={2020 IEEE Energy Conversion Congress and Exposition (ECCE)}, 
  title={Auto Tuning Method to identify motor stator and rotor parameter in Field-Orientation-Controlled Induction Motor}, 
  year={2020},
  volume={},
  number={},
  pages={5805-5812},
  doi={10.1109/ECCE44975.2020.9236231}}

@INPROCEEDINGS{Y-Sensorless,
  author={Perna, Domenico and Del Pizzo, Andrea},
  booktitle={2016 International Conference on Electrical Systems for Aircraft, Railway, Ship Propulsion and Road Vehicles   International Transportation Electrification Conference (ESARS-ITEC)}, 
  title={An assisted speed-sensorless control of induction motor drives for railways applications}, 
  year={2016},
  volume={},
  number={},
  pages={1-7},
  doi={10.1109/ESARS-ITEC.2016.7841440}}

@INPROCEEDINGS{Efficiency,
  author={Maghfiroh, Hari and Hermanu, Chico and Nizam, Muhammad},
  booktitle={2019 6th International Conference on Electric Vehicular Technology (ICEVT)}, 
  title={Sensorless Control of Railway Traction Motor in The Energy Point of View}, 
  year={2019},
  volume={},
  number={},
  pages={267-271},
  doi={10.1109/ICEVT48285.2019.8993990}}

@ARTICLE{MRAS-Improved,
  author={Yin, Shaobo and Huang, Yingwei and Xue, Yaru and Meng, Dongyi and Wang, Chengtao and Lv, Yi and Diao, Lijun and Jatskevich, Juri},
  journal={IEEE Journal of Emerging and Selected Topics in Power Electronics}, 
  title={Improved Full-Order Adaptive Observer for Sensorless Induction Motor Control in Railway Traction Systems Under Low-Switching Frequency}, 
  year={2019},
  volume={7},
  number={4},
  pages={2333-2345},
  doi={10.1109/JESTPE.2019.2898875}}

@INPROCEEDINGS{IPMSM-MTPA-HighPD,
  author={Woo, Jong-Hyuk and Jung, Dong-Hoon and Choi, Jaewan and Kim, HyunJin and Lee, Ju},
  booktitle={2016 19th International Conference on Electrical Machines and Systems (ICEMS)}, 
  title={A study on IPMSM design, as the load motor for the motor driving test of urban railway vehicle through HILS, for achieving high power density}, 
  year={2016},
  volume={},
  number={},
  pages={1-4},
  doi={}}

@MISC{AlfaMec,
AUTHOR = {Train Logistics},
TITLE = {Série 4000 - Ficha Técnica},
NOTE = {Disponível em \url{}}
}

@INPROCEEDINGS{DFOC-IFOC,
  author={Kakodia, Sanjay Kumar and Dynamina, Giribabu},
  booktitle={2020 First IEEE International Conference on Measurement, Instrumentation, Control and Automation (ICMICA)}, 
  title={A Comparative Study of DFOC and IFOC for IM Drive}, 
  year={2020},
  volume={},
  number={},
  pages={1-5},
  doi={10.1109/ICMICA48462.2020.9242909}}

@ARTICLE{FOC-PCC,
  author={Devanshu, Ambrish and Singh, Madhusudan and Kumar, Narendra},
  journal={IEEE Transactions on Power Electronics}, 
  title={An Improved Nonlinear Flux Observer Based Sensorless FOC IM Drive With Adaptive Predictive Current Control}, 
  year={2020},
  volume={35},
  number={1},
  pages={652-666},
  doi={10.1109/TPEL.2019.2912265}}

@INPROCEEDINGS{Traction_Control,
  author={Yatsko, Serhii and Shkurpela, Olexandr},
  booktitle={2017 International Conference on Modern Electrical and Energy Systems (MEES)}, 
  title={Traction induction motor drive rolling stock wheel pair excessive slide security system}, 
  year={2017},
  volume={},
  number={},
  pages={96-99},
  doi={10.1109/MEES.2017.8248962}}

@INPROCEEDINGS{FOC-MRAS,
  author={Xie, Haotian and Wang, Fengxiang and Zhang, Wei and Garcia, Cristian and Rodriguez, JosÃ© and Kennel, Ralph},
  booktitle={2020 IEEE 9th International Power Electronics and Motion Control Conference (IPEMC2020-ECCE Asia)}, 
  title={Predictive Field Oriented Control based on MRAS Current Estimator for IM Drives}, 
  year={2020},
  volume={},
  number={},
  pages={1029-1032},
  doi={10.1109/IPEMC-ECCEAsia48364.2020.9367976}}

@INPROCEEDINGS{DTC-IM,
  author={Hu Hu and Yongdong Li},
  booktitle={Proceedings. International Conference on Power System Technology}, 
  title={Applications of induction motor drive based on DTC in railway traction}, 
  year={2002},
  volume={4},
  number={},
  pages={2285-2289 vol.4},
  doi={10.1109/ICPST.2002.1047191}}

@book{BibBase, 
	place={Boca Raton, FL}, 
	title={Power Electronics and motor drives}, 
	publisher = {CRC Press}, 
	author={Wilamowski, Bogdan M. and Irwin, J. David},
	year={2011},
	doi = {https://doi.org/10.1201/9781315218410 }
} 

@inproceedings{ScalarSOTA,
   author = {Ahmed Fathy Abouzeid and Juan Manuel Guerrero and Iker Muniategui and Aitor Endemaño and David Ortega and Fernando Briz},
   doi = {10.1109/IEMDC47953.2021.9449495},
   journal = {2021 IEEE International Electric Machines   Drives Conference (IEMDC)},
   pages = {1-6},
   title = {Torque Dynamics Enhancement of Railway Traction Drives Using Scalar Control},
   year = {2021},
}

